@conference{Ful83,
   author = "William Fulton",
    title = "Introduction to intersection theory in algebraic geometry",
booktitle = "Regional Conference Series in Mathematics",
   number = 54,
     year = 1983}
     
@inproceedings{GMP81,
   author = "Mark Goresky and Robert MacPherson",
    title = "On the topology of complex algebraic maps",
booktitle = "Algebraic Geometry Proceedings, La R\'abida,
             Lecture Notes in Mathematics",
   number = 961,
     year = 1981}

@phdthesis{Pat85,
  author = "V. Pati",
   title = "What is the title??",
  school = "Princeton",
    year = 1985}

@unpublished{PP98,
  author = "Adam Parusi\'nski and Piotr Pragacz",
   title = "Characteristic classes of hypersurfaces and characteristic cycles",
    note = "preprint",
   month = "January",
    year = 1998}

@article{PP95,
  author = "Adam Parusi\'nski and Piotr Pragacz",
   title = "A formula for the {E}uler characteristic of singular hypersurfaces",
 journal = "J. Alg. Geom.",
  volume = 4,
    year = 1995,
   pages = "337-351"}
   
   @conference{Ful83,
   author = "William Fulton",
    title = "Introduction to intersection theory in algebraic geometry",
booktitle = "Regional Conference Series in Mathematics",
   number = 54,
     year = 1983}
     
@inproceedings{GMP81,
   author = "Mark Goresky and Robert MacPherson",
    title = "On the topology of complex algebraic maps",
booktitle = "Algebraic Geometry Proceedings, La R\'abida,
             Lecture Notes in Mathematics",
   number = 961,
     year = 1981}

@phdthesis{Pat85,
  author = "V. Pati",
   title = "What is the title??",
  school = "Princeton",
    year = 1985}

@unpublished{PP98,
  author = "Adam Parusi\'nski and Piotr Pragacz",
   title = "Characteristic classes of hypersurfaces and characteristic cycles",
    note = "preprint",
   month = "January",
    year = 1998}

@article{PP95,
  author = "Adam Parusi\'nski and Piotr Pragacz",
   title = "A formula for the {E}uler characteristic of singular hypersurfaces",
 journal = "J. Alg. Geom.",
  volume = 4,
    year = 1995,
   pages = "337-351"}
   
@book{luckhurst2002invention,
  title={The invention of telepathy, 1870-1901},
  author={Luckhurst, Roger and others},
  year={2002},
  publisher={Oxford University Press on Demand}
}

@incollection{freud1955dreams,
  title={Dreams and telepathy},
  author={Freud, Sigmund},
  booktitle={The Standard Edition of the Complete Psychological Works of Sigmund Freud, Volume XVIII (1920-1922): Beyond the Pleasure Principle, Group Psychology and Other Works},
  pages={195--220},
  year={1955}
}

@inproceedings{bourland2017project,
  title={Project telepathy: Targeted verbal communication using 3D beamforming speakers and facial electromyography},
  author={Bourland, Anne-Claire and Gorman, Peter and McIntosh, Jess and Marzo, Asier},
  booktitle={Proceedings of the 2017 CHI Conference Extended Abstracts on Human Factors in Computing Systems},
  pages={1508--1515},
  year={2017},
  organization={ACM}
}

@article{bonanno2004importance,
  title={The importance of being flexible: The ability to both enhance and suppress emotional expression predicts long-term adjustment},
  author={Bonanno, George A and Papa, Anthony and Lalande, Kathleen and Westphal, Maren and Coifman, Karin},
  journal={Psychological science},
  volume={15},
  number={7},
  pages={482--487},
  year={2004},
  publisher={SAGE Publications Sage CA: Los Angeles, CA}
}

@misc{le2011method,
  title={Method and system for detecting and classifying the mental state of a subject},
  author={Le, Tan Thi Thai and Do, Nam Hoai and King, William Andrew and Pham, Hai Ha and Thie, Johnson and Delic, Emir},
  year={2011},
  month=jan # "~4",
  publisher={Google Patents},
  note={US Patent 7,865,235}
}

@article{alarcao2017emotions,
  title={Emotions recognition using EEG signals: A survey},
  author={Alarcao, Soraia M and Fonseca, Manuel J},
  journal={IEEE Transactions on Affective Computing},
  year={2017},
  publisher={IEEE}
}

@article{koelstra2012deap, 
title={Deap: A database for emotion analysis; using physiological signals}, 
author={Koelstra, Sander and Muhl, Christian and Soleymani, Mohammad and Lee, Jong-Seok and Yazdani, Ashkan and Ebrahimi, Touradj and Pun, Thierry and Nijholt, Anton and Patras, Ioannis}, 
journal={IEEE Transactions on Affective Computing}, volume={3}, number={1}, pages={18--31}, year={2012}, publisher={IEEE} 
}

@inproceedings{sakai2012alphabet,
  title={Alphabet matrix layout in P300 speller may alter its performance},
  author={Sakai, Yohei and Yagi, Tohru},
  booktitle={Biomedical Engineering International Conference (BMEiCON), 2011},
  pages={89--92},
  year={2012},
  organization={IEEE}
}

@techreport{garg2016lip,
  title={Lip reading using CNN and LSTM},
  author={Garg, Amit and Noyola, Jonathan and Bagadia, Sameep},
  year={2016},
  institution={Technical report, Stanford University, CS231n project report}
}

@inproceedings{sun2018lip,
  title={Lip-Interact: Improving Mobile Device Interaction with Silent Speech Commands},
  author={Sun, Ke and Yu, Chun and Shi, Weinan and Liu, Lan and Shi, Yuanchun},
  booktitle={The 31st Annual ACM Symposium on User Interface Software and Technology},
  pages={581--593},
  year={2018},
  organization={ACM}
}

@inproceedings{fukumoto2018silentvoice,
  title={SilentVoice: Unnoticeable Voice Input by Ingressive Speech},
  author={Fukumoto, Masaaki},
  booktitle={The 31st Annual ACM Symposium on User Interface Software and Technology},
  pages={237--246},
  year={2018},
  organization={ACM}
}

@book{tyndall1897sound,
  title={Sound},
  author={Tyndall, J.},
  lccn={04004437},
  series={A Library of universal literature},
  url={https://books.google.com/books?id=Nb8KAAAAIAAJ},
  year={1897},
  publisher={D. Appleton}
}


@misc{bell1876improvement,
  title={Improvement in telegraphy},
  author={Bell, Alexander Graham},
  year={1876},
  month=mar # "~7",
  publisher={Google Patents},
  note={US Patent 174,465}
}

@article{krusienski2008toward,
  title={Toward enhanced P300 speller performance},
  author={Krusienski, Dean J and Sellers, Eric W and McFarland, Dennis J and Vaughan, Theresa M and Wolpaw, Jonathan R},
  journal={Journal of neuroscience methods},
  volume={167},
  number={1},
  pages={15--21},
  year={2008},
  publisher={Elsevier}
}

@book{feist2017religion,
  title={Religion and the Challenges of Science},
  author={Feist, R.},
  isbn={9781351150385},
  url={https://books.google.com/books?id=efdADwAAQBAJ},
  year={2017},
  publisher={Taylor \& Francis}
}

@inproceedings{barrett1882some,
  title={On some phenomena associated with abnormal conditions of mind},
  author={Barrett, William Fletcher},
  booktitle={Proceedings of the Society for Psychical Research},
  volume={1},
  pages={238--244},
  year={1882}
}

@article{bakker2014pleasure,
  title={Pleasure, arousal, dominance: Mehrabian and Russell revisited},
  author={Bakker, Iris and van der Voordt, Theo and Vink, Peter and de Boon, Jan},
  journal={Current Psychology},
  volume={33},
  number={3},
  pages={405--421},
  year={2014},
  publisher={Springer}
}

@incollection{zander2014towards,
  title={Towards BCI-based implicit control in human--computer interaction},
  author={Zander, Thorsten O and Br{\"o}nstrup, Jonas and Lorenz, Romy and Krol, Laurens R},
  booktitle={Advances in Physiological Computing},
  pages={67--90},
  year={2014},
  publisher={Springer}
}