@conference{Ful83,
   author = "William Fulton",
    title = "Introduction to intersection theory in algebraic geometry",
booktitle = "Regional Conference Series in Mathematics",
   number = 54,
     year = 1983}
     
@inproceedings{GMP81,
   author = "Mark Goresky and Robert MacPherson",
    title = "On the topology of complex algebraic maps",
booktitle = "Algebraic Geometry Proceedings, La R\'abida,
             Lecture Notes in Mathematics",
   number = 961,
     year = 1981}

@phdthesis{Pat85,
  author = "V. Pati",
   title = "What is the title??",
  school = "Princeton",
    year = 1985}

@unpublished{PP98,
  author = "Adam Parusi\'nski and Piotr Pragacz",
   title = "Characteristic classes of hypersurfaces and characteristic cycles",
    note = "preprint",
   month = "January",
    year = 1998}

@article{PP95,
  author = "Adam Parusi\'nski and Piotr Pragacz",
   title = "A formula for the {E}uler characteristic of singular hypersurfaces",
 journal = "J. Alg. Geom.",
  volume = 4,
    year = 1995,
   pages = "337-351"}
   
@book{luckhurst2002invention,
  title={The invention of telepathy, 1870-1901},
  author={Luckhurst, Roger and others},
  year={2002},
  publisher={Oxford University Press on Demand}
}

@incollection{freud1955dreams,
  title={Dreams and telepathy},
  author={Freud, Sigmund},
  booktitle={The Standard Edition of the Complete Psychological Works of Sigmund Freud, Volume XVIII (1920-1922): Beyond the Pleasure Principle, Group Psychology and Other Works},
  pages={195--220},
  year={1955}
}

@inproceedings{bourland2017project,
  title={Project telepathy: Targeted verbal communication using 3D beamforming speakers and facial electromyography},
  author={Bourland, Anne-Claire and Gorman, Peter and McIntosh, Jess and Marzo, Asier},
  booktitle={Proceedings of the 2017 CHI Conference Extended Abstracts on Human Factors in Computing Systems},
  pages={1508--1515},
  year={2017},
  organization={ACM}
}

@article{bonanno2004importance,
  title={The importance of being flexible: The ability to both enhance and suppress emotional expression predicts long-term adjustment},
  author={Bonanno, George A and Papa, Anthony and Lalande, Kathleen and Westphal, Maren and Coifman, Karin},
  journal={Psychological science},
  volume={15},
  number={7},
  pages={482--487},
  year={2004},
  publisher={SAGE Publications Sage CA: Los Angeles, CA}
}

@misc{le2011method,
  title={Method and system for detecting and classifying the mental state of a subject},
  author={Le, Tan Thi Thai and Do, Nam Hoai and King, William Andrew and Pham, Hai Ha and Thie, Johnson and Delic, Emir},
  year={2011},
  month=jan # "~4",
  publisher={Google Patents},
  note={US Patent 7,865,235}
}