@book{ehrman1997new,
  title={The New Testament: A historical introduction to the early Christian writings},
  author={Ehrman, Bart D},
  year={1997},
  publisher={Oxford University Press Oxford}
}

@book{peters2012speaking,
  title={Speaking into the Air: A History of the Idea of Communication},
  author={Peters, John Durham},
  year={2012},
  publisher={University of chicago Press}
}

@article{simon2009understanding,
  title={Understanding rationalization: Making excuses as an effective manipulation tactic},
  author={Simon, G},
  journal={Counseling Resource},
  year={2009}
}

@book{warfield1948inspiration,
  title={The inspiration and authority of the Bible},
  author={Warfield, Benjamin Breckinridge and Craig, Samuel G and Van Til, Cornelius},
  year={1948},
  publisher={Presbyterian and Reformed Publishing Company}
}

@misc{ wiki:xxx,
    author = "{Wikipedia contributors}",
    title = "Authorship of the Bible --- {Wikipedia}{,} The Free Encyclopedia",
    year = "2018",
    url = "https://en.wikipedia.org/w/index.php?title=Authorship_of_the_Bible&oldid=859202601",
    note = "[Online; accessed 29-September-2018]"
  }

@book{csapo2005theories,
  title={Theories of mythology},
  author={Csapo, Eric},
  year={2005},
  publisher={Blackwell Oxford}
}

 @article{derrenbacker2000history,
  title={A History of the Synoptic Problem: The Canon, the Text, the Composition, and the Interpretation of the Gospels},
  author={Derrenbacker Jr, Robert A},
  journal={The Catholic Biblical Quarterly},
  volume={62},
  number={4},
  pages={752},
  year={2000},
  publisher={Catholic Biblical Association of America}
}

@book{simpson2003metamorphoses,
  title={The Metamorphoses of Ovid},
  author={Simpson, M.},
  isbn={9781558493995},
  lccn={00069082},
  url={https://books.google.com/books?id=hDPmwbCSSPEC},
  year={2003},
  publisher={University of Massachusetts Press}
}